@INPROCEEDINGS{1199054,
author={S. G. Wysoski and M. V. Lamar and S. Kuroyanagi and A. Iwata},
booktitle={Neural Information Processing, 2002. ICONIP '02. Proceedings of the 9th International Conference on},
title={A rotation invariant approach on static-gesture recognition using boundary histograms and neural networks},
year={2002},
volume={4},
pages={2137-2141 vol.4},
keywords={feature extraction;gesture recognition;neural nets;American Sign Language;complexity;fast search start point algorithm;feature extraction;gesture postures;gesture recognition;pattern recognition;rotation invariance property;rotation invariant;Data mining;Eyes;Fingers;Histograms;Humans;Neural networks;Pattern recognition;Principal component analysis;Robustness;Shape},
doi={10.1109/ICONIP.2002.1199054},
month={Nov},}

@inproceedings{Murakami:1991:GRU:108844.108900,
author = {Murakami, Kouichi and Taguchi, Hitomi},
title = {Gesture Recognition Using Recurrent Neural Networks},
booktitle = {Proceedings of the SIGCHI Conference on Human Factors in Computing Systems},
series = {CHI '91},
year = {1991},
isbn = {0-89791-383-3},
location = {New Orleans, Louisiana, USA},
pages = {237--242},
numpages = {6},
url = {http://doi.acm.org/10.1145/108844.108900},
doi = {10.1145/108844.108900},
acmid = {108900},
publisher = {ACM},
address = {New York, NY, USA},
}

@inproceedings{freeman1995orientation,
title={Orientation histograms for hand gesture recognition},
author={Freeman, William T and Roth, Michal},
booktitle={International workshop on automatic face and gesture recognition},
volume={12},
pages={296--301},
year={1995}
}

@article{vishwakarma2015efficient,
  title={An efficient interpretation of hand gestures to control smart interactive television},
  author={Vishwakarma, DK and Kapoor, R},
  journal={Int. J. Comput. Vis. Robot},
  pages={1--18},
  year={2015}
}

@INPROCEEDINGS{7279962,
author={D. K. Vishwakarma and R. Maheshwari and R. Kapoor},
booktitle={2015 Fifth International Conference on Communication Systems and Network Technologies},
title={An Efficient Approach for the Recognition of Hand Gestures from Very Low Resolution Images},
year={2015},
pages={467-471},
keywords={gesture recognition;image enhancement;image reconstruction;image resolution;digital images;gesture recognition;hand gestures;image enhancement;image recognition;image reconstruction;image resolution;Accuracy;Gesture recognition;Gray-scale;Image recognition;Image resolution;Thumb;geomectry;hand gesture;low resolution;mask generation;recognition},
doi={10.1109/CSNT.2015.84},
month={April},}

@INPROCEEDINGS{6481804,
author={D. K. Vishwakarma and R. Kapoor},
booktitle={2012 4th International Conference on Intelligent Human Computer Interaction (IHCI)},
title={Simple and intelligent system to recognize the expression of speech-disabled person},
year={2012},
pages={1-6},
keywords={binary sequences;computer vision;emotion recognition;feature extraction;handicapped aids;image classification;palmprint recognition;video cameras;Otsu method;binary image;binary sequence;camera;computer vision;disk storage;hand gesture recognition;image conversion;intelligent system;rule based classification approach;shape based feature extraction;speech disabled person expression recognition;thumb;Computers;Feature extraction;Gesture recognition;Image color analysis;Image segmentation;Thumb;Hand gesture recognition;feature extraction;shape based features},
doi={10.1109/IHCI.2012.6481804},
month={Dec},}


@article{barczak2011new,
  title={A new 2D static hand gesture colour image dataset for asl gestures},
  author={Barczak, ALC and Reyes, NH and Abastillas, M and Piccio, A and Susnjak, T},
  year={2011},
  publisher={Massey University}
}

@inproceedings{Avraam2014StaticGR,
  title={Static Gesture Recognition Combining Graph and Appearance Features},
  author={Marimpis Avraam},
  year={2014}
}

@inproceedings{kumar2014static,
  title={Static hand gesture recognition using stacked denoising sparse autoencoders},
  author={Kumar, Varun and Nandi, Gora Chand and Kala, Rahul},
  booktitle={Contemporary Computing (IC3), 2014 Seventh International Conference on},
  pages={99--104},
  year={2014},
  organization={IEEE}
}


@article{khan2012hand,
  title={Hand gesture recognition: a literature review},
  author={Khan, Rafiqul Zaman and Ibraheem, Noor Adnan},
  journal={International journal of artificial Intelligence \& Applications},
  volume={3},
  number={4},
  pages={161},
  year={2012},
  publisher={Academy \& Industry Research Collaboration Center (AIRCC)}
}


@INPROCEEDINGS{7813732,
author={D. K. Vishwakarma and Priyadarshani and K. Singh},
booktitle={2016 International Conference on Computing, Communication and Automation (ICCCA)},
title={A framework for recognition of hand gesture in static postures},
year={2016},
pages={294-298},
keywords={Gabor filters;feature extraction;gesture recognition;gradient methods;image colour analysis;image segmentation;pose estimation;support vector machines;Gabor filter;PHOG;SVM;YCbCr color model;hand gesture recognition framework;hand image region segmentation;pyramid histogram of oriented gradients;saliency image formation;saliency map;skin region detection;skin saliency image spatial distribution;static hand posture images;support vector machine;texture feature extraction;Feature extraction;Gabor filters;Histograms;Image color analysis;Image segmentation;Shape;Skin;Gabor filter;Pyramid histogram of oriented gradients;Static hand gesture;saliency map},
doi={10.1109/CCAA.2016.7813732},
month={April},}

@inproceedings{droeschel2011learning,
  title={Learning to interpret pointing gestures with a time-of-flight camera},
  author={Droeschel, David and St{\"u}ckler, J{\"o}rg and Behnke, Sven},
  booktitle={Proceedings of the 6th international conference on Human-robot interaction},
  pages={481--488},
  year={2011},
  organization={ACM}
}

@article{shotton2013real,
  title={Real-time human pose recognition in parts from single depth images},
  author={Shotton, Jamie and Sharp, Toby and Kipman, Alex and Fitzgibbon, Andrew and Finocchio, Mark and Blake, Andrew and Cook, Mat and Moore, Richard},
  journal={Communications of the ACM},
  volume={56},
  number={1},
  pages={116--124},
  year={2013},
  publisher={ACM}
}

@inproceedings{regenbrecht2013leap,
  title={A leap-supported, hybrid AR interface approach},
  author={Regenbrecht, Holger and Collins, Jonny and Hoermann, Simon},
  booktitle={Proceedings of the 25th Australian Computer-Human Interaction Conference: Augmentation, Application, Innovation, Collaboration},
  pages={281--284},
  year={2013},
  organization={ACM}
}

@article{cheng2016survey,
  title={Survey on 3D Hand Gesture Recognition},
  author={Cheng, Hong and Yang, Lu and Liu, Zicheng},
  journal={IEEE Transactions on Circuits and Systems for Video Technology},
  volume={26},
  number={9},
  pages={1659--1673},
  year={2016},
  publisher={IEEE}
}


