@INPROCEEDINGS{1199054,
author={S. G. Wysoski and M. V. Lamar and S. Kuroyanagi and A. Iwata},
booktitle={Neural Information Processing, 2002. ICONIP '02. Proceedings of the 9th International Conference on},
title={A rotation invariant approach on static-gesture recognition using boundary histograms and neural networks},
year={2002},
volume={4},
pages={2137-2141 vol.4},
keywords={feature extraction;gesture recognition;neural nets;American Sign Language;complexity;fast search start point algorithm;feature extraction;gesture postures;gesture recognition;pattern recognition;rotation invariance property;rotation invariant;Data mining;Eyes;Fingers;Histograms;Humans;Neural networks;Pattern recognition;Principal component analysis;Robustness;Shape},
doi={10.1109/ICONIP.2002.1199054},
month={Nov},}

@inproceedings{Murakami:1991:GRU:108844.108900,
 author = {Murakami, Kouichi and Taguchi, Hitomi},
 title = {Gesture Recognition Using Recurrent Neural Networks},
 booktitle = {Proceedings of the SIGCHI Conference on Human Factors in Computing Systems},
 series = {CHI '91},
 year = {1991},
 isbn = {0-89791-383-3},
 location = {New Orleans, Louisiana, USA},
 pages = {237--242},
 numpages = {6},
 url = {http://doi.acm.org/10.1145/108844.108900},
 doi = {10.1145/108844.108900},
 acmid = {108900},
 publisher = {ACM},
 address = {New York, NY, USA},
}

@inproceedings{freeman1995orientation,
  title={Orientation histograms for hand gesture recognition},
  author={Freeman, William T and Roth, Michal},
  booktitle={International workshop on automatic face and gesture recognition},
  volume={12},
  pages={296--301},
  year={1995}
}

